<?xml version="1.0" encoding="UTF-8"?>
<collection xmlns:xsi="http://www.w3.org/2001/XMLSchema-instance" xsi:schemaLocation="http://www.loc.gov/MARC21/slim http://www.loc.gov/standards/marcxml/schema/MARC21slim.xsd" xmlns="http://www.loc.gov/MARC21/slim">
<record>
  <leader>01219cam a2200241   4500</leader>
  <controlfield tag="001">2676492</controlfield>
  <controlfield tag="003">NNC</controlfield>
  <controlfield tag="005">20141216084703.0</controlfield>
  <controlfield tag="008">830405s1959    iq            000 0 araru</controlfield>
  <datafield tag="035" ind1=" " ind2=" ">
    <subfield code="a">(OCoLC)ocm09377952</subfield>
  </datafield>
  <datafield tag="035" ind1=" " ind2=" ">
    <subfield code="9">ARC5189CU</subfield>
  </datafield>
  <datafield tag="040" ind1=" " ind2=" ">
    <subfield code="c">CLU</subfield>
    <subfield code="d">ZCU</subfield>
  </datafield>
  <datafield tag="043" ind1=" " ind2=" ">
    <subfield code="a">a-iq---</subfield>
  </datafield>
  <datafield tag="099" ind1=" " ind2=" ">
    <subfield code="a">956</subfield>
    <subfield code="a">Az913</subfield>
  </datafield>
  <datafield tag="100" ind1="1" ind2=" ">
    <subfield code="a">ʻAzzāwī, ʻAbbās.</subfield>
  </datafield>
  <datafield tag="245" ind1="1" ind2="0">
    <subfield code="a">Tārīkh al-ḍarāʾib al-Irāqiyah :</subfield>
    <subfield code="b">min ṣadr al-Islām ilā ākhir al-ʻahd al-ʻUthmānī, 12 h - 633 m : 1335 h - 1917 m. Yashmul ḍarāʾib al-amwāl al-tijāriyah wa-ḍarāʾib al-mantūjāt al-maḥaliyah wa-yuʻad ṣafḥah kāshifah ʻan māliyat al-ʻIrāq li-mukhtalaf al-ʻuṣūr /</subfield>
    <subfield code="c">bi-qalam al-muḥāmī ʻAbbas al-ʻAzzāwī.</subfield>
  </datafield>
  <datafield tag="260" ind1=" " ind2=" ">
    <subfield code="a">Baghdād :</subfield>
    <subfield code="b">Sharikat al-tijārah wa-al-ṭibāʻah,</subfield>
    <subfield code="c">1959</subfield>
  </datafield>
  <datafield tag="300" ind1=" " ind2=" ">
    <subfield code="a">148 p. ;</subfield>
    <subfield code="c">25 cm.</subfield>
  </datafield>
  <datafield tag="500" ind1=" " ind2=" ">
    <subfield code="a">"Sāʻadat Wizārat al-Tarbiyah wa-al-Taʻlīm lil-Jumhūriyah al-ʻIrāqiyah ʻalā nashr hadha al-kitāb".</subfield>
  </datafield>
  <datafield tag="500" ind1=" " ind2=" ">
    <subfield code="a">Title on p. [4] of cover: History of taxation in Iraq from the Islamic period to the end of the Ottoman occupation.</subfield>
  </datafield>
  <datafield tag="504" ind1=" " ind2=" ">
    <subfield code="a">Includes bibliographical references and indexes.</subfield>
  </datafield>
  <datafield tag="650" ind1=" " ind2="0">
    <subfield code="a">Taxation</subfield>
    <subfield code="z">Iraq</subfield>
    <subfield code="x">History.</subfield>
  </datafield>
  <datafield tag="955" ind1=" " ind2=" ">
    <subfield code="b">0113993623</subfield>
    <subfield code="d">glx</subfield>
    <subfield code="e">956 Az913</subfield>
  </datafield>
</record>
</collection>